@Comment Ksiazki

@book{bib:ldd3,
  author    = "Jonathan Corbet and Alexander Rubini and Greg Kroah-Hartman",
  title     = "Linux Device Drivers",
  edition   = "3",
  publisher = "O'Reilly Media",
  year      = "2005",
  isbn      = "0-596-00590-3",
  url       = "http://lwn.net/Kernel/LDD3/"
}

@book{bib:taocp-fa,
  author    = "Donald Knuth",
  title     = "The Art of Computer Programming, Volume 1: Fundamental",
  edition   = "3",
  publisher = "Addison-Wesley",
  address   = "Massachusetts",
  year      = "1997",
  isbn      = "0-201-89683-4"
}

@book{bib:arm-arch-reference,
  author    = "David Seal",
  title     = "ARM Architecture Reference Manual",
  edition   = "2",
  publisher = "Addison-Wesley",
  address   = "Boston",
  year      = "2000",
  isbn      = "0-201-73719-1"
}

@Comment LWN

@article{bib:v2.6.38,
  author    = "Jonathan Corbet",
  title     = "Kernel Release Status",
  journal   = "Linux Weekly News",
  publisher = "Eklektix",
  date      = "2011-03-16",
  url       = "http://lwn.net/Articles/433896/"
}


@article{bib:compaction,
  author    = "Jonathan Corbet",
  title     = "Memory Compaction",
  journal   = "Linux Weekly News",
  publisher = "Eklektix",
  date      = "2010-01-06",
  url       = "http://lwn.net/Articles/368869/"
}

@article{bib:cma-and-arm,
  author    = "Jonathan Corbet",
  title     = "{CMA} and {ARM}",
  journal   = "Linux Weekly News",
  publisher = "Eklektix",
  date      = "2011-06-05",
  url       = "http://lwn.net/Articles/450286/"
}

@Comment Artykuly i konferencje

@inproceedings{bib:price-of-safety,
  author    = "Muli Ben-Yehuda and Jimi Xenidis and Micha\l Ostrowski and
               Karl Rister and Alexis Bruemmer and Leendert Van Doorn",
  title     = "The Price of Safety: Evaluating IOMMU Performance",
  booktitle = "The {Ottawa} {Linux} Symposium",
  pages     = "9-19",
  eventdate = "2007-06-27/2007-06-30",
  url       = "http://linuxsymposium.org/archives/OLS/Reprints-2007/OLS2007-Proceedings-V1.pdf"
}

@inproceedings{bib:mitigate-iotlb-bottleneck,
  author    = "Nadav Amit and Muli Ben-Yehuda and Ben-Ami Yassour",
  title     = "{IOMMU}: {S}trategies for Mitigating the {IOTLB} Bottleneck.",
  booktitle = "Computer Architecture",
  booksubtitle = "ISCA 2010 International Workshops A4MMC, AMAS-BT, EAMA, WEED, WIOSCA, Saint-Malo, France",
  pages     = "256-274",
  date      = "2012-06-19/2012-06-23",
  isbn      = "978-3-642-24321-9",
  doi       = "10.1007/978-3-642-24322-6_22",
  url       = "http://www.springerlink.com/index/N370U642151M4648.pdf"
}

@inproceedings{bib:supporting-large-contig-regions,
  author    = "Mel Gorman and Andy Whitcroft",
  title     = "Supporting the Allocation of Large Contiguous Regions of Memory",
  booktitle = "The {Ottawa} {Linux} Symposium",
  pages     = "141-152",
  eventdate = "2007-06-27/2007-06-30",
  url       = "http://linuxsymposium.org/archives/OLS/Reprints-2007/OLS2007-Proceedings-V1.pdf"
}

@Comment Patche

@software{patch:cma-24,
  author    = "Micha\l Nazarewicz and Marek Szyprowski",
  title     = "Contiguous Memory Allocator",
  version   = "24",
  date      = "2012-04-03",
  url       = "http://thread.gmane.org/gmane.linux.kernel.mm/76241"
}

@software{patch:pmm,
  author    = "Micha\l Nazarwicz",
  title     = "Physical Memory Management",
  date      = "2009-05-13",
  url       = "http://lkml.org/lkml/2009/5/13/100"
}

@software{patch:cma-4,
  author    = "Micha\l Nazarwicz",
  title     = "The Contiguous Memory Allocator framework",
  version   = "4",
  date      = "2010-08-20",
  url       = "http://thread.gmane.org/gmane.linux.kernel.mm/52010"
}

@software{patch:bigphys,
  author    = "Dmitriy Tochansky",
  title     = "bigphysarea patch for 3.2.x",
  date      = "2012-03-27",
  url       = "http://article.gmane.org/gmane.linux.kernel/1273100"
}

@software{patch:cma-test,
  author    = "Barry Song",
  title     = "A Simple Kernel Module as a Helper to Test {CMA}",
  version   = "4",
  date      = "2010-03-07",
  url       = "http://thread.gmane.org/gmane.linux.kernel/1263136"
}
